
@article{leonardon_2019,
  author   = {\myname and A. Cassagne and C. Leroux and C. J\'ego and L-P. Hamelin and Y. Savaria},
  title = {Fast and {Flexible} {Software} {Polar} {List} {Decoders}},
  journal  = {Springer Journal of Signal Processing Systems (JSPS)},
  year     = {2019},
  DOI      = {10.1007/s11265-018-1430-3},
  keywords = {Polar codes, Adaptive successive cancellation list decoder, Software implementation, 5G standard, Generic decoder, Flexible decoder, leonardon-fast, journal},
  }

@article{ghaffari_2019,
  author   = {A. Ghaffari and \myname and A. Cassagne and C. Leroux and Y. Savaria},
  title    = {{Toward} {High} {Performance} {Implementation} of {5G} {SCMA} {Algorithms}},
  journal  = {IEEE Access},
  year     = {2018},
  doi      = {10.1109/ACCESS.2019.2891597},
  keywords = {ghaffari-toward, journal, 5G, SCMA, Maximum Likelihood (ML), Message Passing Algorithm (MPA), log-MPA, iterative multi-user detection, BER, Single Instruction Multiple Data (SIMD), Intel Advanced Vector Extensions (AVX), Streaming SIMD Extension (SSE), Knights Corner Instruction (KNCI), power efficiency, exponential estimations. },
}



@article{Cassagne2019,
title = "{AFF3CT}: {A} {Fast} {Forward} {Error} {Correction} {Toolbox}!",
journal = "SoftwareX",
year = "2019 (to be published)",
author = "Adrien Cassagne and Olivier Hartmann and \myname",
keywords = "journal",
}

@InProceedings{Ghaffari2017,
  author    = {A. Ghaffari and \myname and Y. Savaria and C. J\'ego and C. Leroux},
  title     = {Improving performance of {SCMA} {MPA} decoders using estimation of conditional probabilities},
  booktitle = {International Conference on New Circuits and Systems (NEWCAS)},
  year      = {2017},
  doi       = {10.1109/NEWCAS.2017.8010095},
  keywords  = {ghaffari-improving, international-conference,5G mobile communication, Gaussian channels, error statistics, multi-access systems, probability, 5G systems, Gaussian noise channels, SCMA MPA decoders, bit-error rate, conditional probabilities, message passing algorithm, nonorthogonal modulation, polynomial probability distributions, sparse code multiple access, 5G mobile communication, Algorithm design and analysis, Decoding, Estimation, Message passing, Probability density function, Throughput, 5G, BER, MPA Decoder, Sparse Code Multiple Access (SCMA), Uplink, iterative multi-user detection},
}

@InProceedings{Leonardon2018a,
  author    = {\myname and C. Leroux and D. Binet and J.M. P. Langlois and C. J\'ego and Y. Savaria},
  title     = {Custom {Low} {Power} {Processor} for {Polar} {Decoding}},
  booktitle = {International Symposium on Circuits and Systems (ISCAS)},
  year      = {2018},
  publisher = {IEEE},
  doi       = {10.1109/ISCAS.2018.8351739},
  keywords  = {leonardon-custom, international-conference,5G mobile communication;Decoding;Energy consumption;Hardware;Registers;Software;Throughput},
}

@InProceedings{Leonardon2018b,
  author    = {\myname and C. Leroux and P. J{\"a}{\"a}skel{\"a}inen and C. J\'ego and Y. Savaria},
  title     = {Transport {Triggered} {Polar} {Decoders}},
  booktitle = {International Symposium on Turbo Codes and Iterative Information Processing (ISTC)},
  year      = {2018},
  publisher = {IEEE},
  doi       = {10.1109/ISTC.2018.8625310},
  keywords  = {leonardon-transport, international-conference, hardware decoder, SCAN, SC, TTA, Transport Triggered Architectures, polar decoder},
}

@Conference{Cassagne2017a,
  author    = {A. Cassagne and O. Hartmann and \myname and T. Tonnellier and G. Delbergue and C. Leroux and R. Tajan and B. {Le Gal} and C. J\'ego and O. Aumage and D. Barthou},
  title     = {Fast simulation and prototyping with {AFF}3{CT}},
  booktitle = {International Workshop on Signal Processing Systems (SiPS)},
  year      = {2017},
  publisher = {IEEE},
  groups    = {Software Decoders, Hardware Decoders, AFF3CT},
  keywords  = {cassagne-fast, international-conference},
}

@Conference{Cassagne2017,
  author      = {A. Cassagne and \myname and O. Hartmann and T. Tonnellier and G. Delbergue and V. Giraud and C. Leroux and R. Tajan and B. {Le Gal} and C. J\'ego and O. Aumage and D. Barthou},
  title       = {{AFF3CT} : Un {Environnement} de {Simulation} pour le {Codage} de {Canal}},
  booktitle   = {GdR SoC2},
  year        = {2017},
  keywords    = {cassagne-affect, national-conference, Software Decoders, AFF3CT},
}


@phdthesis{Leonardon2018,
    title    = {D\'ecodage de codes polaires sur des architectures programmables},
    school   = {Universit\'e de Bordeaux and Polytechnique Montr\'eal},
    author   = {\myname},
    year     = {2018}, 
  	keywords    = {thesis}
}


@article{esteva2017dermatologist,
  title={Dermatologist-level classification of skin cancer with deep neural networks},
  author={Esteva, Andre and Kuprel, Brett and Novoa, Roberto A and Ko, Justin and Swetter, Susan M and Blau, Helen M and Thrun, Sebastian},
  journal={Nature},
  volume={542},
  number={7639},
  pages={115},
  year={2017},
  publisher={Nature Publishing Group},
  keywords = {projet_recherche},
}

@article{hannun2019cardiologist,
  title={Cardiologist-level arrhythmia detection and classification in ambulatory electrocardiograms using a deep neural network},
  author={Hannun, Awni Y and Rajpurkar, Pranav and Haghpanahi, Masoumeh and Tison, Geoffrey H and Bourn, Codie and Turakhia, Mintu P and Ng, Andrew Y},
  journal={Nature medicine},
  volume={25},
  number={1},
  pages={65},
  year={2019},
  keywords = {projet_recherche},
  publisher={Nature Publishing Group}
}

@ARTICLE{7505926,
author={C. {Wang} and L. {Gong} and Q. {Yu} and X. {Li} and Y. {Xie} and X. {Zhou}},
journal={IEEE Transactions on Computer-Aided Design of Integrated Circuits and Systems},
title={DLAU: A Scalable Deep Learning Accelerator Unit on FPGA},
year={2017},
volume={36},
number={3},
pages={513-517},
keywords={projet_recherche},
doi={10.1109/TCAD.2016.2587683},
ISSN={},
month={March},}

@incollection{NIPS2018_8154,
title = {Deepcode: Feedback Codes via Deep Learning},
author = {Kim, Hyeji and Jiang, Yihan and Kannan, Sreeram and Oh, Sewoong and Viswanath, Pramod},
booktitle = {Advances in Neural Information Processing Systems 31},
editor = {S. Bengio and H. Wallach and H. Larochelle and K. Grauman and N. Cesa-Bianchi and R. Garnett},
pages = {9436--9446},
year = {2018},
keywords={projet_recherche},
publisher = {Curran Associates, Inc.},
url = {http://papers.nips.cc/paper/8154-deepcode-feedback-codes-via-deep-learning.pdf}
}

@INPROCEEDINGS{7926071,
author={T. {Gruber} and S. {Cammerer} and J. {Hoydis} and S. t. {Brink}},
booktitle={2017 51st Annual Conference on Information Sciences and Systems (CISS)},
title={On deep learning-based channel decoding},
year={2017},
volume={},
number={},
pages={1-6},
keywords={projet_recherche,channel coding;decoding;error statistics;learning (artificial intelligence);maximum likelihood estimation;neural nets;random codes;telecommunication computing;deep learning;channel decoding;deep neural networks;one-shot decoding;polar codes;BER;short codeword lengths;structured codes;decoding algorithm;metric normalized validation error;NVE;random codes;maximum a posteriori bit error rate;MAP bit error rate;Artificial neural networks;Training;Maximum likelihood decoding;Neurons;Noise measurement},
doi={10.1109/CISS.2017.7926071},
ISSN={},
month={March},}

@article{DBLP:journals/corr/abs-1901-05719,
  author    = {Lingchen Huang and
               Huazi Zhang and
               Rong Li and
               Yiqun Ge and
               Jun Wang},
  title     = {{AI} Coding: Learning to Construct Error Correction Codes},
  journal   = {CoRR},
  volume    = {abs/1901.05719},
  year      = {2019},
  url       = {http://arxiv.org/abs/1901.05719},
  archivePrefix = {arXiv},
  eprint    = {1901.05719},
  timestamp = {Fri, 01 Feb 2019 13:39:59 +0100},
  biburl    = {https://dblp.org/rec/bib/journals/corr/abs-1901-05719},
  keywords  = {projet_recherche},
  bibsource = {dblp computer science bibliography, https://dblp.org}
}

@article{DBLP:journals/corr/abs-1904-07511,
  author    = {Lingchen Huang and
               Huazi Zhang and
               Rong Li and
               Yiqun Ge and
               Jun Wang},
  title     = {Reinforcement Learning for Nested Polar Code Construction},
  journal   = {CoRR},
  volume    = {abs/1904.07511},
  year      = {2019},
  url       = {http://arxiv.org/abs/1904.07511},
  archivePrefix = {arXiv},
  eprint    = {1904.07511},
  timestamp = {Fri, 26 Apr 2019 13:18:53 +0200},
  biburl    = {https://dblp.org/rec/bib/journals/corr/abs-1904-07511},
  keywords  = {projet_recherche},
  bibsource = {dblp computer science bibliography, https://dblp.org}
}

@article{wang2018enhancing,
  title={Enhancing transportation systems via deep learning: A survey},
  author={Wang, Yuan and Zhang, Dongxiang and Liu, Ying and Dai, Bo and Lee, Loo Hay},
  journal={Transportation research part C: emerging technologies},
  keywords  = {projet_recherche},
  year={2018},
  publisher={Elsevier}
}
@article{ILSVRC15,
Author = {Olga Russakovsky and Jia Deng and Hao Su and Jonathan Krause and Sanjeev Satheesh and Sean Ma and Zhiheng Huang and Andrej Karpathy and Aditya Khosla and Michael Bernstein and Alexander C. Berg and Li Fei-Fei},
Title = {{ImageNet Large Scale Visual Recognition Challenge}},
Year = {2015},
journal   = {International Journal of Computer Vision (IJCV)},
doi = {10.1007/s11263-015-0816-y},
volume={115},
number={3},
  keywords  = {projet_recherche},
pages={211-252}
}

@article{silver2016mastering,
  title={Mastering the game of Go with deep neural networks and tree search},
  author={Silver, David and Huang, Aja and Maddison, Chris J and Guez, Arthur and Sifre, Laurent and Van Den Driessche, George and Schrittwieser, Julian and Antonoglou, Ioannis and Panneershelvam, Veda and Lanctot, Marc and others},
  journal={nature},
  volume={529},
  number={7587},
  pages={484},
  year={2016},
  keywords  = {projet_recherche},
  publisher={Nature Publishing Group}
}

@article{janssen2013machines,
  title={Machines outperform laypersons in recognizing emotions elicited by autobiographical recollection},
  author={Janssen, Joris H and Tacken, Paul and de Vries, JJG and van den Broek, Egon L and Westerink, Joyce HDM and Haselager, Pim and IJsselsteijn, Wijnand A},
  journal={Human--Computer Interaction},
  volume={28},
  number={6},
  pages={479--517},
  year={2013},
  publisher={Taylor \& Francis},
  keywords  = {projet_recherche},
}
@inproceedings{keryell2015khronos,
  title={Khronos SYCL for OpenCL: a tutorial},
  author={Keryell, Ronan and Reyes, Ruyman and Howes, Lee},
  booktitle={Proceedings of the 3rd International Workshop on OpenCL},
  pages={24},
  year={2015},
  organization={ACM},
  keywords  = {projet_recherche},
}


@misc{villani2018donner,
  title={Donner un sens {\`a} l'intelligence artificielle},
  author={Villani, C{\'e}dric and Schoenauer, Marc and Bonnet, Yann and Berthet, Charly and Cornut, Anne-Charlotte and Levin, Fran{\c{c}}ois and Rondepierre, Bertrand},
  year={2018},
  keywords  = {projet_recherche},
}
@Inbook{TCEToolset,
	author="J{\"a}{\"a}skel{\"a}inen, Pekka and Viitanen, Timo and Takala, Jarmo and Berg, Heikki",
	editor="Hussain, Waqar and Nurmi, Jari and Isoaho, Jouni and Garzia, Fabio",
	title="HW/SW Co-design Toolset for Customization of Exposed Datapath Processors",
	bookTitle="Computing Platforms for Software-Defined Radio",
	year="2017",
	publisher="Springer International Publishing",
	pages="147--164",
	isbn="978-3-319-49679-5",
	doi="10.1007/978-3-319-49679-5_8",
  keywords  = {projet_recherche},
	url="https://doi.org/10.1007/978-3-319-49679-5_8"
}